<record><leader>00000cas a22000007a 4500</leader><controlfield tag="001">11252798</controlfield><controlfield tag="008">841011c19uu9999ohuwr ne      0   a0eng d</controlfield><datafield ind1=" " ind2=" " tag="010"><subfield code="a">sn 84002303 </subfield></datafield><datafield ind1=" " ind2=" " tag="040"><subfield code="a">NSD</subfield><subfield code="b">eng</subfield><subfield code="c">NSD</subfield><subfield code="d">OCLCQ</subfield></datafield><datafield ind1="1" ind2=" " tag="022"><subfield code="a">8750-3409</subfield><subfield code="l">8750-3409</subfield><subfield code="2">1</subfield></datafield><datafield ind1=" " ind2=" " tag="037"><subfield code="b">Journal Herald, 4444 W. Alexis, Toledo, OH 43623</subfield></datafield><datafield ind1=" " ind2=" " tag="042"><subfield code="a">nsdp</subfield></datafield><datafield ind1="0" ind2=" " tag="130"><subfield code="a">Journal herald (Toledo, Ohio)</subfield></datafield><datafield ind1=" " ind2="0" tag="222"><subfield code="a">Journal herald</subfield><subfield code="b">(Toledo, Ohio)</subfield></datafield><datafield ind1="1" ind2="0" tag="245"><subfield code="a">Journal herald.</subfield></datafield><datafield ind1=" " ind2=" " tag="260"><subfield code="a">Toledo, Ohio :</subfield><subfield code="b">Allen C. Foster</subfield></datafield><datafield ind1=" " ind2=" " tag="310"><subfield code="a">Weekly</subfield></datafield><datafield ind1=" " ind2=" " tag="588"><subfield code="a">Description based on: Vol. 9, no. 29 (Tuesday, Sept. 18, 1984).</subfield></datafield><datafield ind1=" " ind2=" " tag="752"><subfield code="a">United States</subfield><subfield code="b">Ohio</subfield><subfield code="c">Lucas</subfield><subfield code="d">Toledo.</subfield></datafield><datafield ind1=" " ind2=" " tag="936"><subfield code="a">Sept. 18, 1984</subfield></datafield></record>